<?xml version="1.0" encoding="UTF-8"?><record xmlns="http://www.loc.gov/MARC21/slim" xmlns:cinclude="http://apache.org/cocoon/include/1.0" xmlns:zs="http://www.loc.gov/zing/srw/">
  <leader>00461nz  a2200145n  4500</leader>
  <controlfield tag="001">no2011105074</controlfield>
  <controlfield tag="003">DLC</controlfield>
  <controlfield tag="005">20110712103228.0</controlfield>
  <controlfield tag="008">110708n| azannaabn          |n aaa     c</controlfield>
  <datafield tag="010" ind1=" " ind2=" ">
    <subfield code="a">no2011105074</subfield>
  </datafield>
  <datafield tag="035" ind1=" " ind2=" ">
    <subfield code="a">(OCoLC)oca08908957</subfield>
  </datafield>
  <datafield tag="040" ind1=" " ind2=" ">
    <subfield code="a">CSt</subfield>
    <subfield code="b">eng</subfield>
    <subfield code="c">CSt</subfield>
    <subfield code="e">rda</subfield>
  </datafield>
  <datafield tag="100" ind1="1" ind2=" ">
    <subfield code="a">Gessler, Simone</subfield>
  </datafield>
  <datafield tag="670" ind1=" " ind2=" ">
    <subfield code="a">Santa Cruz Chinautla, 2011:</subfield>
    <subfield code="b">title frame (Simone Gessler)</subfield>
  </datafield>
  <datafield tag="670" ind1=" " ind2=" ">
    <subfield code="a">Peace Brigades International-Guatemala, Juy 8, 2011:</subfield>
    <subfield code="b">page 3 (Simone Gessler (Switzerland)</subfield>
  </datafield>
</record>